<?xml version="1.0" encoding="UTF-8"?><collection xmlns="http://www.loc.gov/MARC21/slim"><record><leader>00413nam--2200145-i-4500</leader><controlfield tag="001">000035444</controlfield><controlfield tag="002">20161230</controlfield><controlfield tag="005">20170122110924</controlfield><controlfield tag="008">060222s1000------------r-----000-0-eng-d</controlfield><datafield ind1=" " ind2=" " tag="080"><subfield code="a">001.818</subfield></datafield><datafield ind1=" " ind2=" " tag="245"><subfield code="a">The national institute for research in nuclear science. Second annual report 1958-59</subfield></datafield><datafield ind1=" " ind2=" " tag="260"><subfield code="a">Rutherford High Energy Laboratory</subfield><subfield code="c">1958-59</subfield></datafield><datafield ind1=" " ind2=" " tag="300"><subfield code="a">16 p</subfield></datafield><datafield ind1=" " ind2=" " tag="852"><subfield code="a">6379</subfield></datafield><datafield ind1=" " ind2=" " tag="CAT"><subfield code="a">SYS</subfield><subfield code="c">20170122</subfield><subfield code="h">110924</subfield></datafield></record></collection>